@article{ar1,
  title={Static-noise margin analysis of MOS SRAM cells},
  author={Seevinck, Evert and List, Frans J and Lohstroh, Jan},
  journal={IEEE Journal of solid-state circuits},
  volume={22},
  number={5},
  pages={748--754},
  year={1987},
  publisher={IEEE}
}
